<record><leader>00000cas a22000007a 4500</leader><controlfield tag="001">15793591</controlfield><controlfield tag="008">870601d18421844msuwr ne      0   a0eng d</controlfield><datafield ind1=" " ind2=" " tag="010"><subfield code="a">sn 87065696 </subfield></datafield><datafield ind1=" " ind2=" " tag="040"><subfield code="a">MPC</subfield><subfield code="b">eng</subfield><subfield code="c">MPC</subfield><subfield code="d">MSJ</subfield><subfield code="d">OCL</subfield><subfield code="d">OCLCQ</subfield><subfield code="d">DLC</subfield><subfield code="d">OCLCF</subfield></datafield><datafield ind1="0" ind2=" " tag="022"><subfield code="a">2378-3605</subfield><subfield code="2">1</subfield></datafield><datafield ind1=" " ind2=" " tag="042"><subfield code="a">msc</subfield><subfield code="a">nsdp</subfield></datafield><datafield ind1=" " ind2=" " tag="043"><subfield code="a">n-us-ms</subfield></datafield><datafield ind1="0" ind2="0" tag="050"><subfield code="a">Newspaper</subfield></datafield><datafield ind1="0" ind2="0" tag="082"><subfield code="a">071</subfield><subfield code="2">23</subfield></datafield><datafield ind1="0" ind2=" " tag="130"><subfield code="a">Yazoo City Whig and political register (1842)</subfield></datafield><datafield ind1=" " ind2="4" tag="222"><subfield code="a">The Yazoo City Whig and political register</subfield><subfield code="b">(1842. Print)</subfield></datafield><datafield ind1="1" ind2="4" tag="245"><subfield code="a">The Yazoo City Whig and political register.</subfield></datafield><datafield ind1=" " ind2=" " tag="260"><subfield code="a">Yazoo City, Miss. :</subfield><subfield code="b">J.A. Stevens</subfield></datafield><datafield ind1=" " ind2=" " tag="310"><subfield code="a">Weekly</subfield></datafield><datafield ind1="1" ind2=" " tag="362"><subfield code="a">Began in December 1842; ceased in July 1844.</subfield></datafield><datafield ind1=" " ind2=" " tag="530"><subfield code="a">Archived issues are available in digital format from the Library of Congress Chronicling America online collection.</subfield></datafield><datafield ind1=" " ind2=" " tag="588"><subfield code="a">Description based on: Vol. 7, no. 25 (Dec. 30, 1842).</subfield></datafield><datafield ind1=" " ind2="0" tag="651"><subfield code="a">Yazoo City (Miss.)</subfield><subfield code="v">Newspapers.</subfield></datafield><datafield ind1=" " ind2="7" tag="655"><subfield code="a">Newspapers.</subfield><subfield code="2">fast</subfield><subfield code="0">(OCoLC)fst01423814</subfield></datafield><datafield ind1=" " ind2="7" tag="651"><subfield code="a">Mississippi</subfield><subfield code="z">Yazoo City.</subfield><subfield code="2">fast</subfield><subfield code="0">(OCoLC)fst01226271</subfield></datafield><datafield ind1=" " ind2=" " tag="752"><subfield code="a">United States</subfield><subfield code="b">Mississippi</subfield><subfield code="c">Yazoo</subfield><subfield code="d">Yazoo City.</subfield></datafield><datafield ind1="0" ind2="8" tag="776"><subfield code="i">Online version:</subfield><subfield code="t">Yazoo City Whig and political register (1842)</subfield><subfield code="x">2378-3613</subfield><subfield code="w">(DLC)  2015218673</subfield><subfield code="w">(OCoLC)906828310</subfield></datafield><datafield ind1="0" ind2="0" tag="780"><subfield code="t">Yazoo Whig and political register</subfield><subfield code="x">2378-3575</subfield><subfield code="w">(DLC)sn 87065695</subfield><subfield code="w">(OCoLC)15793562</subfield></datafield><datafield ind1="0" ind2="0" tag="785"><subfield code="t">Yazoo City Whig</subfield><subfield code="x">2378-492X</subfield><subfield code="w">(DLC)sn 84020019</subfield><subfield code="w">(OCoLC)10266107</subfield></datafield><datafield ind1="4" ind2="1" tag="856"><subfield code="u">http://www.loc.gov/chroniclingamerica/lccn/sn87065696/issues</subfield></datafield></record>